// -----------------------------------------------------

@ARTICLE{untapped,
author={Ekberg, J.-E. and Kostiainen, K. and Asokan, N.},
journal={Security Privacy, IEEE},
title={{The Untapped Potential of Trusted Execution Environments on Mobile Devices}},
year={2014},
month={July},
volume={12},
number={4},
pages={29-37},
keywords={mobile computing;security of data;trusted computing;TEE;hardware-assisted security;hardware-based trusted execution environments;mobile devices;on-board credential system;Computer security;Cryptography;Mobile communication;Mobile handsets;Program processors;Secure storage;Smart phones;Trust management;mobile devices;security;trusted execution environments},
doi={10.1109/MSP.2014.38},
ISSN={1540-7993},}

// -----------------------------------------------------

@TechReport{zone,
  author =   {Atul Verma},
  title =  {{Get Into the Zone: Building Secure Systems with ARM TrustZone Technology }},
  institution =  {Texas Instruments},
  year =   {2013},
  type =   {Unpublished},
  month =  {February},
  note =   {\url{http://www.ti.com/lit/wp/spry228/spry228.pdf}}
}

// -----------------------------------------------------

@inproceedings{hypervision,
  title={Hypervision Across Worlds: Real-time Kernel Protection from the ARM TrustZone Secure World},
  author={Azab, Ahmed M and Ning, Peng and Shah, Jitesh and Chen, Quan and Bhutkar, Rohan and Ganesh, Guruprasad and Ma, Jia and Shen, Wenbo},
  booktitle={Proceedings of the 2014 ACM SIGSAC Conference on Computer and Communications Security},
  pages={90--102},
  year={2014},
  organization={ACM}
}

// -----------------------------------------------------

@inproceedings{trusted,
  title={{Trusted computing building blocks for embedded linux-based ARM TrustZone platforms}},
  author={Winter, Johannes},
  booktitle={Proceedings of the 3rd ACM workshop on Scalable trusted computing},
  pages={21--30},
  year={2008},
  organization={ACM}
}

// -----------------------------------------------------

@inproceedings{epassdrm,
  title={{E-pass using DRM in Symbian v8 OS and TrustZone: Securing vital data on mobile devices}},
  author={Hussin, WH and Edwards, Reuben and Coulton, Paul},
  booktitle={Mobile Business, 2006. ICMB'06. International Conference on},
  pages={14--14},
  year={2006},
  organization={IEEE}
}

// -----------------------------------------------------

@inproceedings{designembedded,
  title={{Design and implementation of secure embedded systems based on TrustZone}},
  author={Yan-ling, Zu and Wei, Pan and Xin-guo, Zhang},
  booktitle={Embedded Software and Systems, 2008. ICESS'08. International Conference on},
  pages={136--141},
  year={2008},
  organization={IEEE}
}

// -----------------------------------------------------

@inproceedings{privacytrustzone,
  title={{A framework for privacy-preserving mobile payment on security enhanced ARM TrustZone platforms}},
  author={Pirker, Martin and Slamanig, Daniel},
  booktitle={Trust, Security and Privacy in Computing and Communications (TrustCom), 2012 IEEE 11th International Conference on},
  pages={1155--1160},
  year={2012},
  organization={IEEE}
}

// -----------------------------------------------------

@inproceedings{tlrms,
  title={{Using ARM TrustZone to build a trusted language runtime for mobile applications}},
  author={Santos, Nuno and Raj, Himanshu and Saroiu, Stefan and Wolman, Alec},
  booktitle={Proceedings of the 19th international conference on Architectural support for programming languages and operating systems},
  pages={67--80},
  year={2014},
  organization={ACM}
}

// -----------------------------------------------------

@inproceedings{experimenting,
  title={{Experimenting with ARM TrustZone. Or: How I Met Friendly Piece of Trusted Hardware}},
  author={Winter, Johannes},
  booktitle={Trust, Security and Privacy in Computing and Communications (TrustCom), 2012 IEEE 11th International Conference on},
  pages={1161--1166},
  year={2012},
  organization={IEEE}
}

// -----------------------------------------------------

@article{twofactorauth,
  title={{Using Trusted Execution Environments in Two-factor Authentication: comparing approaches}},
  author={Rijswijk-Deij, Roland and Poll, Erik},
  year={2013},
  publisher={Gesellschaft for Informatik}
}

// -----------------------------------------------------

@misc{trustonic,
  title = {{Trustonic - TrustZone and TEE}},
  howpublished = {\url{https://www.trustonic.com/about-us/who-we-are}},
  note = {Accessed: 2015-04-10}
}

// -----------------------------------------------------

@misc{qualcommqsee,
  title = {{Qualcomm - QSEE}},
  howpublished = {\url{https://www.qualcomm.com/products/snapdragon/security}},
  note = {Accessed: 2015-04-10}
}

// -----------------------------------------------------

@misc{solaciatee,
  title = {{Solacia - Securi-TEE}},
  howpublished = {\url{http://www.sola-cia.com/en/securiTee/product.asp}},
  note = {Accessed: 2015-04-10}
}

// -----------------------------------------------------

@misc{qseevulnerability,
  title = {{QSEE TrustZone Kernel Integer Overflow Vulnerability}},
  howpublished = {\url{https://www.blackhat.com/docs/us-14/materials/us-14-Rosenberg-Reflections-On-Trusting-TrustZone-WP.pdf}},
  author = "Dan Rosenberg",
  month  = "jul",
  year   = "2014"
}

// -----------------------------------------------------

@misc{sierratee,
  title = {{Open Virtualization's SierraVisor and SierraTEE}},
  howpublished = {\url{http://www.openvirtualization.org/}},
  note = {Accessed: 2015-01-30}
}

// -----------------------------------------------------

@misc{linarooptee,
  title = {{STMicroelectronics and Linaro's OP-TEE}},
  howpublished = {\url{https://wiki.linaro.org/WorkingGroups/Security/OP-TEE}},
  note = {Accessed: 2015-01-30}
}

// -----------------------------------------------------

@misc{opentee,
  title = {{OpenTEE}},
  howpublished = {\url{https://github.com/Open-TEE}},
  note = {Accessed: 2015-01-30}
}

// -----------------------------------------------------

@misc{gpspec,
  title = {{Global Platform TEE Specifications}},
  howpublished = {\url{http://www.globalplatform.org/specificationsdevice.asp}},
  note = {Accessed: 2015-01-30}
}


// -----------------------------------------------------

@misc{killswitch,
  title = {{Senate Bill No. 962 (kill switch bill)}},
  howpublished = {\url{http://leginfo.legislature.ca.gov/faces/billNavClient.xhtml?bill_id=201320140SB962}},
  note = {Accessed: 2015-01-30}
}


// -----------------------------------------------------

@misc{trustzonewhitepaper,
  title = {{ARM TrustZone whitepaper}},
  howpublished = {\url{http://infocenter.arm.com/help/topic/com.arm.doc.prd29-genc-009492c/PRD29-GENC-009492C_trustzone_security_whitepaper.pdf}},
  note = {Accessed: 2015-01-30}
}

// -----------------------------------------------------

@misc{trustzoneexample,
  title = {{ARM TrustZone example}},
  howpublished = {\url{http://infocenter.arm.com/help/index.jsp?topic=/com.arm.doc.faqs/ka15417.html}},
  note = {Accessed: 2015-01-30}
}

// -----------------------------------------------------

@article{aegis,
  title={{The AEGIS processor architecture for tamperevident and tamper resistant processing}},
  author={Suh, Edward and Clarke, Dwaine and Gassend, Blaise and Van Dijk, Marten and Devadas, Srinivas},
  journal={Massachusetts Institute of Technology},
  year={2003}
}

// -----------------------------------------------------

@article{xom,
  title={{Architectural support for copy and tamper resistant software}},
  author={Lie, David and Thekkath, Chandramohan and Mitchell, Mark and Lincoln, Patrick and Boneh, Dan and Mitchell, John and Horowitz, Mark},
  journal={ACM SIGPLAN Notices},
  volume={35},
  number={11},
  pages={168--177},
  year={2000},
  publisher={ACM}
}

// -----------------------------------------------------

@inproceedings{intelsgx,
  title={{Innovative instructions and software model for isolated execution}},
  author={McKeen, Frank and Alexandrovich, Ilya and Berenzon, Alex and Rozas, Carlos V and Shafi, Hisham and Shanbhogue, Vedvyas and Savagaonkar, Uday R},
  booktitle={Proceedings of the 2nd International Workshop on Hardware and Architectural Support for Security and Privacy},
  pages={1--1},
  year={2013},
  organization={ACM}
}
